2169 2770
334 392 1657 101 de son côté que les grands événements se sont passés. Quant à

341 468 1677 106 moi, Madame; j'ai à déplorer une perte bien cruelle et malheu-

337 544 1677 88 reusement irréparable, dans la personne d'un frère de ma femme, qui

337 600 1734 106 a péri à la désastreuse bataille de Waterloo. C'était un jeune homme

334 674 1717 103 plein de talent, d'un caractère très aimable, et distingué surtout par

334 752 1664 88 une chaleur et une élévation d'ame devenue bien rare parmi

337 814 1721 97 les hommes de son âge. Il n'avait que 22 ans et était lieute-

339 907 1709 78 nant d'artillerie dans cette vieille garde, dont la bravoure, quoi-

330 957 1681 109 que malheureuse, honorera toujours notre nation. il ne voyait

337 1057 94 51 dans

755 1034 1286 104 Bonaporte, qui a si indignement sacrifié tant de

328 1110 1700 99 braves gens, qu'un tyran abominable; mais il croyait devoir à son

339 1184 1668 104 pays le sacrifice de sa vie .... Nous sommes inconsolables de

328 1264 1725 100 cette perte, ma pauvre femme en a été malade, et moi, qui avait

295 1334 1793 101 élevé cet excellent jeune-homme, et pour qui il avait la plus tendre

337 1412 1734 97 amitié, je déplore avec amertume sa destinée sitôt et si cruellement

334 1488 1682 100 terminée. - Il est impossible, au reste, de prévoir quel sera le

330 1558 1725 94 terme des maux qui nous accablent. vous savez, Madame, combien

307 1627 1704 108 de fois, en détestant l'infernale ambition du tyran de la france

346 1705 1712 102 nous avons gémi sur les malheurs des nations voisines, il ne fallait

334 1782 1705 92 qu'un peu de raison et d'humanité pour prévoir qu'elles devaient

323 1848 1688 95 être les suites de son féroce et stupide gouvernement. C'était en

297 1913 1740 90 épuisant la malheureuse france qu'il portait le ravage et la

321 1982 1709 107 dévastation dans les autres pays; et quel a été le résultat de cette

332 2059 1686 99 soif insatiable de conquète et de pouvoir ? une calamité sans

325 2132 1712 97 exemple pour nous tous, et pour lui une éternelle ignominie. Puis

316 2199 1686 97 sent du moins les autres Souverains profiter d'une leçon si

328 2257 1711 120 terrible et si frappante. L'abus de la victoire peut flatter un

332 2336 1733 108 moment l'orgueil et la vengeance; mais il ne saurait manquer de

325 2407 1740 109 devenir funeste au vainqueur. - Pardonnez-moi, Madame, de
