2169 2771
353 344 1762 99 soulagements dans l'étude. J'ai persisté dans celle de l'Allemand, et si

344 427 1797 81 je le parlais aussi bien que le comprends et le sais, j'en aurais tout ce que

351 496 1781 85 J'en desire, mais la langue parlée est encore une nouvelle étude à nos âges

348 556 1633 81 surtout, où l'espoir et le raisonnement agissent plus que l'oreille.

401 618 1694 81 Je ne vous demande pas encore de livres ni de brochures. Je ne me

353 681 1721 83 remettrai au courant de toutes mes habitudes que quand la paix sera

358 766 1633 69 rendue au monde, ou du moins à l'Europe qui est notre monde

427 819 1718 95 J'ai d'ailleurs ici une assez jolie bibliothèque qui peut me suffire

346 879 1795 100 encore longtemps, d'autant que je commence à en lire les livres Allemand

344 944 1781 106 Quant au temps où je pourrai aller à Paris, c'est ce qe je ne puis dire

346 1018 1786 95 je n'en sais rien moi même et vis au jour le jour avec cette pensée. Il

337 1080 1753 93 me semble pourtant que je dois renoncer à ce plaisir pour cet hiver.

341 1149 1476 93 Qu'au moins les lettres de mes amis m'en dédommagent.

443 1212 1686 97 A revoir tôt ou tard, Monsieur. Portez vous bien; soyez tranquille

348 1288 1781 88 ainsi que votre famille; cultivez toujours les lettres seul bonheur véri

351 1348 1769 95 table et inaltérable de ce bas monde et n'oubliez pas entièrement les

346 1417 905 86 absens qui ne vous oublient pas.

436 1487 1696 83 Mon mari vous fait mille compliments, nous vous assurons tous

353 1549 1136 92 Deux de votre amitié et de notre estime sincères.

1547 1597 557 111 (signé) Constance de Salm.

346 1644 97 97 1815

1120 1655 312 118 Lettre

267 1632 310 206 de Salm)

374 1704 157 115 18

930 1784 950 130 A Mr Prous (au chateau de Liedberg)

1672 1955 448 93 Dyck le 26 Aout, 1815.

397 2034 1744 78 On n'entend plus parler de vous, mon cher voisin, êtes vous mort ? ou voulez vous nous

351 2099 1787 87 oublier ? J'ai invité vos Dames pour le 4 de Septembre jour de la fête de mon mari. J'ai bien

360 2168 1781 85 prié qu'on invitât aussi de ma part; mais je veux vous le dire moi même

358 2237 1804 86 pour reveiller votre souvenir assoupi. Venez donc le 4; venez avant; enfin

360 2302 1291 90 venez et soyez sur du plasir que vous nous ferez.

676 2385 395 71 mille amitiés

1519 2376 589 122 (signé) Constance de Salm
