2169 2771
120 274 85 88 1815

117 274 252 176 Mme la Princesse

829 295 330 146 Lettre

709 457 974 120 A  Mr Prous (au chateau de Liedberg.)

196 662 1705 127 Voici le livre que j'avais oublié aussi bien que vous, Monsieur (c'est à dire,

1395 621 526 92 Dyck, le 5 Septembre, 1815.

117 745 800 93 aussi bien que vous l'aviez oublié)

191 805 1710 111 Ne vous tourmentez pas de vos vers; ils sont très bien, et si tout le monde

127 872 1866 123 n'a pas compris ce que vous dites il y avait dans le reste de quoi vous satisfaire

196 949 1675 103 Je rejette toute la faute de votre retard sur la chère Louise, à qui

120 1013 1767 104 j'en ferai la guerre et aussi de ce qu'elle n'est pas restée le soir ce qui a

113 1080 1744 104 fait peine à Sophie, et Je vous engage a venir nous voir et diner avec

124 1152 1830 113 nous, vous serez le très bien reçu. Nous rions et nous parlons aussi raison

117 1223 1758 102 Vous pourrez choisir et vous mettre dans le parti serieux. Si vous voulez

110 1290 1744 95 balancer, ce que vous appelez vos folies d'hiver; elles avaient bonne grace

103 1357 1804 88 C'était un jour où on ne peut pêcher et n'y avait d'ailleurs aucun péché

115 1417 365 88 dans tout cela.

180 1482 1725 115 Vous croyez à la guerre. Hélas! il me semblait que celle des élémens après

113 1549 1785 111 tant d'autres pouvait satisfaire la colère Céleste; mais il nous faist sans

115 1623 1407 97 doute une grande punition. Pourtant je n'y rois pas.

184 1694 1650 97 J'écris à travers mille choses ; aussi je ne vous en dis pas une qui

110 1761 1733 104 vaille. On rit, on chante, on parle près de moi, et je sais à peine, si

106 1817 201 97 j'écris.

166 1886 1700 99 Mille saluts amicaux de toute le maison à vous et à tout ce qui

113 1958 376 85 vous entoure.

1076 2022 693 143 (Signé) Constance de Salm.

117 2477 208 70 (Coresp: p:)

1829 2537 106 118 12

152 339 157 108 de Salm)
