2169 2770
161 371 1742 136 n'être livré à cette suite de tristes reflexions, je ne voulais que

157 466 1677 106 vous témoigner ma vive reconnaissance de la bonté que vous

150 542 1684 108 avez eue de m'écrire, et vous dire combien j'ai été touchée

138 607 1739 115 de votre souvenir et de votre aimable intérêt, combien je sens le

150 690 1707 115 prix de cette ancienne amitié dont vous daignez me parler, et

143 759 1714 127 qui est une de mes plus chères consolations, et je n'ai pu m'em-

136 844 1681 118 pêcher de laisser éclater une partie des sentiments pénibles

127 897 1713 139 dont mon coeur est rempli. Continuez, Madame, à jouir de cette

131 985 1638 132 paix et de ce calme de la vie champêtre, qui sont les plus

133 1061 1707 116 grands des biens, dans un temps comme celui où nous sommes.

115 1124 1735 124 Quoique ce fut pour moi un bonheur réel que l'espérance de vous

136 1214 1335 101 revoir, je n'ose pas même en concevoir la pensée.

210 1276 1656 115 Adieu, Madame, conservez-moi ces sentiments dont vous m'a-

136 1350 1651 120 vez donné des témoignages si touchants; daignez me rappeler

131 1408 1682 136 au souvenir de Mr. le Comte, et lui faire agréer mes civilités

136 1479 1702 143 respectueuses, et comptez à jamais sur l'inviolable attachement

136 1562 1679 157 et sur le respectueux dévouement de votre plus ancien ami. -

1039 1692 529 140 Signé: Thurot.
