2133 2770
297 332 1799 106 beaume sur ces douleurs; mais on n'en manque

300 410 1766 123 pas d'autres, ne fut ce que dans la gêne de

297 496 1805 120 sa fortune, dans la presqu'impossibilité de sou

300 584 1729 117 tenir convenablement sa maison. Mes jours

302 664 1720 113 s'ecoulent et vont donc s'ecouler tristement

297 745 1796 118 jusqu'à ce que ces grandes crises soient passées

295 817 1805 134 Je reproche amerement du sort de m'avoir fait

307 911 1708 118 naitre dans ce siècle, et je sens que je me

300 999 1800 111 consolerais de mourir; car qu'est ce qu'une

290 1080 1734 111 vie exposée aux séparations continuelles,

307 1163 1786 120 aux inquiétudes en tout genre, à la gène

302 1251 1812 108 interieure, et à la privation des plus douces

307 1352 1405 97 et innocentes jouissances qui ne

309 1431 1796 97 sans le repos et le calme d'une situation.

459 1514 1643 117 Je suis bien triste, vous le voyez; vous

302 1595 1798 127 me connaissez et vous n'en serez pas surpris

304 1689 1789 118 ma gaieté naturelle, mes occupations littérai

302 1786 1777 111 res, mes innocents delassements avec des vieux

309 1872 1793 108 et solides amis; ma loyale franchise tout

311 1964 1791 99 semble anéanti; et je me vois en quelque

293 2054 1807 104 sorte séparée de moi-même pour prix du

302 2153 829 86 dévouement le plus

1426 2137 665 102 que j'aie pu faire

309 2227 1720 92 à ma situation, et à mon mari. - au

309 2301 1743 115 nom du ciel gardez tout cela pour vous,

304 2391 1625 102 les autres ne me comprendraient pas. +
